<collection xmlns="http://www.loc.gov/MARC21/slim">
<record>
  <leader>01661nam0a2200325 i 450 </leader>
  <controlfield tag="001">IT\ICCU\CNCE\019054</controlfield>
  <controlfield tag="005">20070110000000.0</controlfield>
  <datafield tag="012" ind1=" " ind2=" ">
    <subfield code="a">rao, 0.Id l-in ciri (3) 1576 (A)</subfield>
    <subfield code="2">fei</subfield>
  </datafield>
  <datafield tag="100" ind1=" " ind2=" ">
    <subfield code="a">19970101d1576        0itac0103    ba</subfield>
  </datafield>
  <datafield tag="101" ind1=" " ind2=" ">
    <subfield code="a">ITA</subfield>
  </datafield>
  <datafield tag="102" ind1=" " ind2=" ">
    <subfield code="a">IT</subfield>
  </datafield>
  <datafield tag="200" ind1="1" ind2=" ">
    <subfield code="a">Sermoni del r.p. Aurelio Filucci da Pesaro dell&apos; Ordine di s. Agustino. Delle consolationi della morte, nelli quali con ragioni efficaci si mostra meglio esser la morte, che la vita. Aggiunto nel fine vn brieue discorso del timor d&apos;Iddio</subfield>
  </datafield>
  <datafield tag="210" ind1=" " ind2=" ">
    <subfield code="a">In Ancona</subfield>
    <subfield code="c">per Astolfo di Grandi</subfield>
    <subfield code="d">1576</subfield>
  </datafield>
  <datafield tag="215" ind1=" " ind2=" ">
    <subfield code="a">\24!, 294, \2! p.</subfield>
    <subfield code="d">12ʻ</subfield>
  </datafield>
  <datafield tag="620" ind1=" " ind2=" ">
    <subfield code="a">IT</subfield>
    <subfield code="d">Ancona</subfield>
  </datafield>
  <datafield tag="700" ind1=" " ind2="1">
    <subfield code="a">Filucci,</subfield>
    <subfield code="b">Aurelio</subfield>
    <subfield code="3">IT\ICCU\CNCA\005398</subfield>
  </datafield>
  <datafield tag="712" ind1="0" ind2="0">
    <subfield code="a">Grandi, Astolfo</subfield>
    <subfield code="3">IT\ICCU\CNCT\000591</subfield>
    <subfield code="4">650</subfield>
  </datafield>
  <datafield tag="790" ind1=" " ind2="1">
    <subfield code="a">Figliucci,</subfield>
    <subfield code="b">Aurelio</subfield>
    <subfield code="3">IT\ICCU\CNCA\019270</subfield>
    <subfield code="z">Filucci, Aurelio</subfield>
  </datafield>
  <datafield tag="791" ind1="0" ind2="0">
    <subfield code="a">De_Grandis, Astolfo</subfield>
    <subfield code="3">IT\ICCU\CNCT\003878</subfield>
    <subfield code="z">Grandi, Astolfo</subfield>
  </datafield>
  <datafield tag="791" ind1="0" ind2="0">
    <subfield code="a">Zangrandi, Astolfo</subfield>
    <subfield code="3">IT\ICCU\CNCT\003879</subfield>
    <subfield code="z">Grandi, Astolfo</subfield>
  </datafield>
  <datafield tag="791" ind1="0" ind2="0">
    <subfield code="a">Grandis, Astulphus de</subfield>
    <subfield code="3">IT\ICCU\CNCT\004952</subfield>
    <subfield code="z">Grandi, Astolfo</subfield>
  </datafield>
  <datafield tag="791" ind1="0" ind2="2">
    <subfield code="a">Astulphus Veronensis</subfield>
    <subfield code="3">IT\ICCU\CNCT\004953</subfield>
    <subfield code="z">Grandi, Astolfo</subfield>
  </datafield>
  <datafield tag="801" ind1=" " ind2="3">
    <subfield code="a">IT</subfield>
    <subfield code="b">ICCU</subfield>
    <subfield code="c">20201114</subfield>
  </datafield>
  <datafield tag="899" ind1=" " ind2=" ">
    <subfield code="a">Biblioteca comunale. Fabriano</subfield>
    <subfield code="1">AN0033</subfield>
    <subfield code="2">URB BF</subfield>
  </datafield>
  <datafield tag="899" ind1=" " ind2=" ">
    <subfield code="a">Biblioteca comunale Antonelliana. Senigallia</subfield>
    <subfield code="1">AN0069</subfield>
    <subfield code="2">URB BS</subfield>
  </datafield>
  <datafield tag="899" ind1=" " ind2=" ">
    <subfield code="a">Biblioteca della Rubiconia Accademia dei Filopatridi. Savignano sul Rubicone</subfield>
    <subfield code="1">FC0067</subfield>
    <subfield code="2">RAV AF</subfield>
  </datafield>
  <datafield tag="899" ind1=" " ind2=" ">
    <subfield code="a">Biblioteca comunale. Sarnano</subfield>
    <subfield code="z">MUTILO</subfield>
    <subfield code="1">MC0079</subfield>
    <subfield code="2">UMC BS</subfield>
  </datafield>
  <datafield tag="899" ind1=" " ind2=" ">
    <subfield code="a">Biblioteca Ludovico Jacobilli del Seminario vescovile. Foligno</subfield>
    <subfield code="1">PG0040</subfield>
    <subfield code="2">UM1 39</subfield>
  </datafield>
  <datafield tag="899" ind1=" " ind2=" ">
    <subfield code="a">Biblioteca Oliveriana. Pesaro</subfield>
    <subfield code="1">PU0061</subfield>
    <subfield code="2">URB OL</subfield>
  </datafield>
  <datafield tag="899" ind1=" " ind2=" ">
    <subfield code="a">Biblioteca Angelica. Roma</subfield>
    <subfield code="1">RM0290</subfield>
    <subfield code="2">RML 06</subfield>
  </datafield>
</record>
</collection>
